@book{Pressman:2006,
author= {R. S. Pressman},
title= {Engenharia de Software},
publisher= {Mc-Graw-Hill},
year= {2006},
edition= {6},
address = {SÃ£o Paulo},
pages = 752
}

@book{Levy:1999,
author		= {Pierre L{\'e}vy},
title		= {Cibercultura},
publisher	= {Editora 34},
year		= {1999},
address		= {Rio de Janeiro}}
