@manual{Apache,
organization={APACHE SOFTWARE FOUNDATION},
title={The Apache Tomcat 5.5 Servlet/JSP Container},
address={Site},
year={2010},
url={\url{http://tomcat.apache.org/tomcat-5.5-doc/index.html}},
urlaccessdate={8 jun. 2010}
}

@Manual{WAI,
title = {Web Accessibility Initiative},
organization = {WORLD WIDE WEB CONSORTIUM},
address = {Site},
url = {\url{http://www.w3.org/WAI/}},
urlaccessdate = {11 abr. 2010}
}
