@article{habermas,
author = {Jürgen Habermas},
title = {The Public Sphere: An Encyclopedia Article},
journal = {New German Critique},
publisher = {New German Critique},
volume = {3},
pages = {49-55},
year = {1974},
}

@article{losekann,
author = {Cristiana Losekann},
title = {A Esfera Publica Habermasiana, seus principais críticos e a possibilidade do uso deste conceito no contexto brasileiro},
journal = {Pensamento Pluram},
publisher = {Universidade Federal de Pelotas},
volume = {4},
pages = {37-57},
year = {2009},
}

@article{ferabolli,
author = {Silvia Ferabolli},
title = {Entre a revolução e o consenso: os rumos da Primavera Árabe},
journal = {Revista Ciências e Letras},
publisher = {Associação Nacional de Pós-Graduação e Pesquisa em Letras e Linguística},
volume = {51},
pages = {101-109},
year = {2012},
}

@article{vivian,
author = {Vivian Patricia Peron Vieira},
title = {O papel da comunicação digital na Primavera Árabe:
Apropriação e mobilização social},
journal = {Congresso da Compolítica},
publisher = {Universidade Federal do Paraná},
volume = {5},
year = {2013}
}

@mastersthesis{liu,
	author 		= {Bingyang Liu},
	title  		= {Social Media Use and Political Participation in
	China: The Mediating Role of Political Efficacy},
	school 		= {University of South Florida},
	year   		= {2017}
}

@misc{reuters,
	author 		= {Nic Newman and Richard Fletcher and Antonis Kalogeropoulos,
	David A. L. Levy and Rasmus Kleis Nielsen},
	title 		= {Digital News Report 2018},
	year 			= {2018},
	url 			= {http://media.digitalnewsreport.org/wp-content/uploads/2018/06/digital-news-report-2018.pdf?x89475},
}


@article{teste1,
author 		= {Nina Amenta and Sunghee Choi and Tamal K. Dey and N. Leekha},
title 		= {A Simple Algorithm for Homeomorphic Surface Reconstruction},
journal 	= {International Journal of Computational Geometry and Applications},
publisher = {World Scientific Publishing Co.},
volume 		= {12},
number 		= {1-2},
pages 		= {125-141},
year 			= {2002},
}

@article{teste2,
author 		= {Nina Amenta and Sunghee Choi and Tamal K. Dey and N. Leekha},
title 		= {A Simple Algorithm for Homeomorphic Surface Reconstruction},
journal 	= {International Journal of Computational Geometry and Applications},
publisher = {World Scientific Publishing Co.},
volume 		= {12},
number 		= {1-2},
pages 		= {125-141},
year 			= {2002},
}

@article{teste3,
author 		= {Nina Amenta and Sunghee Choi and Tamal K. Dey and N. Leekha},
title 		= {A Simple Algorithm for Homeomorphic Surface Reconstruction},
journal 	= {International Journal of Computational Geometry and Applications},
publisher = {World Scientific Publishing Co.},
volume 		= {12},
number 		= {1-2},
pages 		= {125-141},
year 			= {2002},
}

@article{temp1,
author 		= {},
title 		= {},
journal 	= {},
publisher = {},
volume 		= {},
number 		= {},
pages 		= {},
year 			= {},
}

@book{temp2,
author    = {},
title     = {},
edition   = {},
publisher = {},
year      = {}
}

@InBook{temp3,
author 		= {},
title 		= {},
booktitle	= {},
publisher	= {},
year 			= {},
chapter 	= {},
pages 		= {}
}

@inproceedings{temp4,
author    = {},
title     = {},
editor    = {},
booktitle = {},
publisher = {},
year      = {},
pages     = {}
}

@phdthesis{temp6,
author 		= {f},
title  		= {},
school 		= {},
year   		= {}
}

@mastersthesis{temp7,
author 		= {},
title  		= {},
school 		= {},
year   		= {}
}

@TechReport{temp8,
author 		= {},
title 		= {},
year 			= {}
}

@misc{temp9,
author 		= {},
title 		= {},
year 			= {},
url 			= {} 
}
